@article{humphrey2002security,
  title={{Security implications of typical grid computing usage scenarios}},
  author={Humphrey, M. and Thompson, M.R.},
  journal={Cluster Computing},
  volume={5},
  number={3},
  pages={257--264},
  year={2002},
  publisher={Springer}
}

@article{song2005trusted,
  title={{Trusted grid computing with security binding and trust integration}},
  author={Song, S. and Hwang, K. and Kwok, Y.K.},
  journal={Journal of Grid computing},
  volume={3},
  number={1},
  pages={53--73},
  year={2005},
  publisher={Springer}
}

@conference{welch2003security,
  title={{Security for grid services}},
  author={Welch, V. and Siebenlist, F. and Foster, I. and Bresnahan, J. and Czajkowski, K. and Gawor, J. and Kesselman, C. and Meder, S. and Pearlman, L. and Tuecke, S.},
  booktitle={Twelfth International Symposium on High Performance Distributed Computing (HPDC-12)},
  pages={48--57},
  year={2003}
}

@book{berman2003grid,
  title={{Grid computing: making the global infrastructure a reality}},
  author={Berman, F. and Fox, G. and Hey, A.J.G.},
  year={2003},
  publisher={Wiley}
}

@conference{cosnard2002meta,
  title={{Meta-and Grid-Computing}},
  author={Cosnard, M. and Merzky, A.},
  booktitle={Proceedings of the 8th International Euro-Par Conference on Parallel Processing},
  pages={861--862},
  year={2002},
  organization={Springer-Verlag London, UK}
}

@article{nagaratnam2002security,
  title={{The security architecture for open grid services}},
  author={Nagaratnam, N. and Janson, P. and Dayka, J. and Nadalin, A. and Siebenlist, F. and Welch, V. and Foster, I. and Tuecke, S.},
  journal={Version},
  volume={1},
  pages={17},
  year={2002}
}

@article{humphrey2002security,
  title={{Security implications of typical grid computing usage scenarios}},
  author={Humphrey, M. and Thompson, M.R.},
  journal={Cluster Computing},
  volume={5},
  number={3},
  pages={257--264},
  year={2002},
  publisher={Springer}
}

@article{hwang2003flexible,
  title={{A flexible framework for fault tolerance in the grid}},
  author={Hwang, S. and Kesselman, C.},
  journal={Journal of Grid Computing},
  volume={1},
  number={3},
  pages={251--272},
  year={2003},
  publisher={Springer}
}

@conference{foster1998security,
  title={{A security architecture for computational grids}},
  author={Foster, I. and Kesselman, C. and Tsudik, G. and Tuecke, S.},
  booktitle={Proceedings of the 5th ACM Conference on Computer and Communications Security},
  pages={83--92},
  year={1998},
  organization={ACM New York, NY, USA}
}

@article{butt2003grid,
  title={{Grid-computing portals and security issues}},
  author={Butt, A.R. and Adabala, S. and Kapadia, N.H. and Figueiredo, R.J. and Fortes, J.A.B.},
  journal={Journal of Parallel and Distributed Computing},
  volume={63},
  number={10},
  pages={1006},
  year={2003},
  publisher={New York, NY: Academic Press, c1984-}
}

@article{humphrey2005security,
  title={{Security for grids}},
  author={Humphrey, M. and Thompson, M.R. and Jackson, K.R.},
  journal={Proceedings of the IEEE},
  volume={93},
  number={3},
  pages={644--652},
  year={2005},
  publisher={Citeseer}
}



